<record><leader>00000cas a22000007a 4500</leader><controlfield tag="001">19474693</controlfield><controlfield tag="008">890329d18981898iduwr ne      0    0eng d</controlfield><datafield ind1=" " ind2=" " tag="010"><subfield code="a">sn 89055108 </subfield></datafield><datafield ind1=" " ind2=" " tag="040"><subfield code="a">NVB</subfield><subfield code="b">eng</subfield><subfield code="c">NVB</subfield><subfield code="d">OCLCQ</subfield><subfield code="d">OCLCF</subfield><subfield code="d">OCLCO</subfield></datafield><datafield ind1=" " ind2=" " tag="042"><subfield code="a">msc</subfield></datafield><datafield ind1=" " ind2=" " tag="043"><subfield code="a">n-us-id</subfield></datafield><datafield ind1="0" ind2="4" tag="245"><subfield code="a">The Lewiston weekly tribune.</subfield></datafield><datafield ind1="1" ind2="7" tag="246"><subfield code="a">Lewiston tribune</subfield></datafield><datafield ind1=" " ind2=" " tag="260"><subfield code="a">Lewiston, Idaho :</subfield><subfield code="b">A.H. &amp; E.L. Alford</subfield></datafield><datafield ind1=" " ind2=" " tag="300"><subfield code="a">v.</subfield></datafield><datafield ind1=" " ind2=" " tag="310"><subfield code="a">Weekly</subfield></datafield><datafield ind1="0" ind2=" " tag="362"><subfield code="a">Vol. 6, no. 76 (Aug. 12, 1898)-v. 6, no. 79 (Sept. 9, 1898) ; 6th year, no. 80 (Sept. 16, 1898)-6th year, no. 82 (Sept. 30, 1898).</subfield></datafield><datafield ind1=" " ind2="0" tag="651"><subfield code="a">Lewiston (Idaho)</subfield><subfield code="v">Newspapers.</subfield></datafield><datafield ind1=" " ind2="7" tag="655"><subfield code="a">Newspapers.</subfield><subfield code="2">fast</subfield><subfield code="0">(OCoLC)fst01423814</subfield></datafield><datafield ind1=" " ind2="7" tag="651"><subfield code="a">Idaho</subfield><subfield code="z">Lewiston.</subfield><subfield code="2">fast</subfield><subfield code="0">(OCoLC)fst01217687</subfield></datafield><datafield ind1=" " ind2=" " tag="752"><subfield code="a">United States</subfield><subfield code="b">Idaho</subfield><subfield code="c">Nez Perce</subfield><subfield code="d">Lewiston.</subfield></datafield><datafield ind1="1" ind2=" " tag="775"><subfield code="t">Lewiston daily tribune</subfield><subfield code="w">(DLC)sn 89055109</subfield></datafield><datafield ind1="0" ind2="0" tag="780"><subfield code="t">Lewiston tribune</subfield><subfield code="w">(DLC)sn 89055107</subfield></datafield><datafield ind1="0" ind2="0" tag="785"><subfield code="t">Weekly tribune (Lewiston, Idaho)</subfield><subfield code="w">(DLC)sn 89055110</subfield></datafield></record>